<record><leader>00000cas a2200000 a 4500</leader><controlfield tag="001">17815721</controlfield><controlfield tag="008">880419d18961901tnucr ne      0    0eng d</controlfield><datafield ind1=" " ind2=" " tag="010"><subfield code="a">sn 88061079 </subfield></datafield><datafield ind1=" " ind2=" " tag="040"><subfield code="a">KNP</subfield><subfield code="b">eng</subfield><subfield code="c">KNP</subfield><subfield code="d">NLG</subfield><subfield code="d">KNP</subfield><subfield code="d">TGN</subfield><subfield code="d">OCL</subfield><subfield code="d">OCLCQ</subfield><subfield code="d">OCLCF</subfield><subfield code="d">OCLCO</subfield></datafield><datafield ind1=" " ind2=" " tag="042"><subfield code="a">msc</subfield></datafield><datafield ind1=" " ind2=" " tag="043"><subfield code="a">n-us-tn</subfield></datafield><datafield ind1="0" ind2=" " tag="130"><subfield code="a">Semi-weekly leaf-chronicle (Clarksville, Tenn. : 1896)</subfield></datafield><datafield ind1="1" ind2="0" tag="245"><subfield code="a">Semi-weekly leaf-chronicle.</subfield></datafield><datafield ind1="3" ind2=" " tag="246"><subfield code="a">Semiweekly leaf chronicle</subfield></datafield><datafield ind1="3" ind2="0" tag="246"><subfield code="a">Leaf chronicle</subfield></datafield><datafield ind1="1" ind2="7" tag="246"><subfield code="a">Clarksville semi-weekly tobacco leaf-chronicle</subfield></datafield><datafield ind1=" " ind2=" " tag="260"><subfield code="a">Clarksville, Tenn. :</subfield><subfield code="b">W.W. Barksdale,</subfield><subfield code="c">1896-1901.</subfield></datafield><datafield ind1=" " ind2=" " tag="300"><subfield code="a">v. :</subfield><subfield code="b">ill.</subfield></datafield><datafield ind1=" " ind2=" " tag="310"><subfield code="a">Semiweekly</subfield></datafield><datafield ind1="0" ind2=" " tag="362"><subfield code="a">Vol. 28, no. 7 (Mar. 3, 1896)-v. 29, no. 18 (Apr. 16, 1897) ; 89th year, no. 19 (Apr. 20, 1897)-93rd year, no. 166 (Aug. 16, 1901).</subfield></datafield><datafield ind1=" " ind2="0" tag="651"><subfield code="a">Clarksville (Tenn.)</subfield><subfield code="v">Newspapers.</subfield></datafield><datafield ind1=" " ind2="0" tag="651"><subfield code="a">Montgomery County (Tenn.)</subfield><subfield code="v">Newspapers.</subfield></datafield><datafield ind1=" " ind2="7" tag="655"><subfield code="a">Newspapers.</subfield><subfield code="2">fast</subfield><subfield code="0">(OCoLC)fst01423814</subfield></datafield><datafield ind1=" " ind2="7" tag="651"><subfield code="a">Tennessee</subfield><subfield code="z">Clarksville.</subfield><subfield code="2">fast</subfield><subfield code="0">(OCoLC)fst01216907</subfield></datafield><datafield ind1=" " ind2="7" tag="651"><subfield code="a">Tennessee</subfield><subfield code="z">Montgomery County.</subfield><subfield code="2">fast</subfield><subfield code="0">(OCoLC)fst01209636</subfield></datafield><datafield ind1=" " ind2=" " tag="752"><subfield code="a">United States</subfield><subfield code="b">Tennessee</subfield><subfield code="c">Montgomery</subfield><subfield code="d">Clarksville.</subfield></datafield><datafield ind1="0" ind2=" " tag="775"><subfield code="t">Daily leaf=chronicle</subfield><subfield code="w">(DLC)sn 88061073</subfield></datafield><datafield ind1="0" ind2="0" tag="780"><subfield code="t">Semi-weekly tobacco leaf-chronicle</subfield><subfield code="w">(DLC)sn 88061009</subfield></datafield><datafield ind1="0" ind2="0" tag="785"><subfield code="t">Weekly leaf chronicle</subfield><subfield code="w">(DLC)sn 88061080</subfield></datafield></record>